% Use this file for citations not found in the ACL Anthology (contained in "anthology.bib").
@book{chomsky1957syntactic,
  title={Syntactic Structures},
  author={Chomsky, Noam},
  isbn={9789027933850},
  lccn={76490810},
  series={Janua linguarum (Mouton, Paris).: Series Minor},
  year={1957},
  publisher={Mouton}
}

@article{smolensky1990tensor,
  title={Tensor product variable binding and the representation of symbolic structures in connectionist systems},
  author={Smolensky, Paul},
  journal={Artificial intelligence},
  volume={46},
  number={1-2},
  pages={159--216},
  year={1990},
  publisher={Elsevier}
}

@article{schrimpf2021neural,
  title={The neural architecture of language: Integrative modeling converges on predictive processing},
  author={Schrimpf, Martin and Blank, Idan Asher and Tuckute, Greta and Kauf, Carina and Hosseini, Eghbal A and Kanwisher, Nancy and Tenenbaum, Joshua B and Fedorenko, Evelina},
  journal={Proceedings of the National Academy of Sciences},
  volume={118},
  number={45},
  pages={e2105646118},
  year={2021},
  publisher={National Acad Sciences}
}


@article{goldstein2022shared,
  title={Shared computational principles for language processing in humans and deep language models},
  author={Goldstein, Ariel and Zada, Zaid and Buchnik, Eliav and Schain, Mariano and Price, Amy and Aubrey, Bobbi and Nastase, Samuel A and Feder, Amir and Emanuel, Dotan and Cohen, Alon and others},
  journal={Nature neuroscience},
  volume={25},
  number={3},
  pages={369--380},
  year={2022},
  publisher={Nature Publishing Group US New York}
}


@article{elman89representation,
  title={Distributed representations, simple recurrent networks, and grammatical structure},
  author={Elman, Jeffrey L},
  journal={Machine learning},
  volume={7},
  pages={195--225},
  year={1991},
  publisher={Springer}
}

@article{lakretz2021mechanisms,
  title={Mechanisms for handling nested dependencies in neural-network language models and humans},
  author={Lakretz, Yair and Hupkes, Dieuwke and Vergallito, Alessandra and Marelli, Marco and Baroni, Marco and Dehaene, Stanislas},
  journal={Cognition},
  pages={104699},
  year={2021},
  publisher={Elsevier}
}

@incollection{kayne1972subject,
  title={Subject inversion in French interrogatives},
  author={Kayne, Richard},
  booktitle={Generative studies in Romance languages},
  pages={70--126},
  year={1972},
  publisher={Newbury House}
}

@article{lakretz2020limits,
  title={What limits our capacity to process nested long-range dependencies in sentence comprehension?},
  author={Lakretz, Yair and Dehaene, Stanislas and King, Jean-R{\'e}mi},
  journal={Entropy},
  volume={22},
  number={4},
  pages={446},
  year={2020},
  publisher={MDPI}
}



@article{weiss2018practical,
  title={On the practical computational power of finite precision RNNs for language recognition},
  author={Weiss, Gail and Goldberg, Yoav and Yahav, Eran},
  journal={arXiv preprint arXiv:1805.04908},
  year={2018}
}

@article{giles1992learning,
  title={Learning and extracting finite state automata with second-order recurrent neural networks},
  author={Giles, C Lee and Miller, Clifford B and Chen, Dong and Chen, Hsing-Hen and Sun, Guo-Zheng and Lee, Yee-Chun},
  journal={Neural Computation},
  volume={4},
  number={3},
  pages={393--405},
  year={1992},
  publisher={MIT Press One Rogers Street, Cambridge, MA 02142-1209, USA journals-info~…}
}

@article{goldberg19assessing,
  author =	 {Yoav Goldberg},
  title =	 {Assessing BERT's Syntactic Abilities},
  journal =	 {CoRR},
  volume =	 {abs/1901.05287},
  year =	 {2019},
  url =		 {http://arxiv.org/abs/1901.05287},
  eprinttype =	 {arXiv},
  eprint =	 {1901.05287},
}
@article{linzenSyntacticStructureDeep2021,
  title = {Syntactic {{Structure}} from {{Deep Learning}}},
  author = {Linzen, Tal and Baroni, Marco},
  year = {2021},
  journal = {Annual Review of Linguistics},
  volume = {7},
  number = {1},
  pages = {195--212},
  doi = {10.1146/annurev-linguistics-032020-051035},
  urldate = {2023-01-13},
}
@article{kuncoro2018perils,
  title={The perils of natural behaviour tests for unnatural models: the case of number agreement},
  author={Kuncoro, Adhiguna and Dyer, Chris and Hale, John and Blunsom, Phil},
  journal={Poster presented at Learning Language in Humans and in Machines, Paris, Fr., July},
  pages={5--6},
  year={2018}
}

@inproceedings{alain17understanding,
  author =	 {Guillaume Alain and Yoshua Bengio},
  title =	 {Understanding intermediate layers using linear
                  classifier probes},
  booktitle =	 {5th International Conference on Learning
                  Representations, {ICLR} 2017, Toulon, France, April
                  24-26, 2017, Workshop Track Proceedings},
  publisher =	 {OpenReview.net},
  year =	 {2017},
  url =		 {https://openreview.net/forum?id=HJ4-rAVtl},
}
@inproceedings{veldhoen2016diagnostic,
  title={Diagnostic Classifiers Revealing how Neural Networks Process Hierarchical Structure.},
  author={Veldhoen, Sara and Hupkes, Dieuwke and Zuidema, Willem H and others},
  booktitle={CoCo@ NIPS},
  pages={69--77},
  year={2016},
  organization={Barcelona}
}
@article{hupkes2018visualisation,
  title={Visualisation and'diagnostic classifiers' reveal how recurrent and recursive neural networks process hierarchical structure},
  author={Hupkes, Dieuwke and Veldhoen, Sara and Zuidema, Willem},
  journal={Journal of Artificial Intelligence Research},
  volume={61},
  pages={907--926},
  year={2018}
}
@article{vig2020causal,
  title={Causal mediation analysis for interpreting neural nlp: The case of gender bias},
  author={Vig, Jesse and Gehrmann, Sebastian and Belinkov, Yonatan and Qian, Sharon and Nevo, Daniel and Sakenis, Simas and Huang, Jason and Singer, Yaron and Shieber, Stuart},
  journal={arXiv preprint arXiv:2004.12265},
  year={2020}
}
@inproceedings{vig20investigating,
  author =	 {Vig, Jesse and Gehrmann, Sebastian and Belinkov,
                  Yonatan and Qian, Sharon and Nevo, Daniel and
                  Singer, Yaron and Shieber, Stuart},
  booktitle =	 {Advances in Neural Information Processing Systems},
  editor =	 {H. Larochelle and M. Ranzato and R. Hadsell and
                  M.F. Balcan and H. Lin},
  pages =	 {12388--12401},
  publisher =	 {Curran Associates, Inc.},
  title =	 {Investigating Gender Bias in Language Models Using
                  Causal Mediation Analysis},
  url =
                  {https://proceedings.neurips.cc/paper/2020/file/92650b2e92217715fe312e6fa7b90d82-Paper.pdf},
  volume =	 {33},
  year =	 {2020}
}
@article{li-etal-2023-assessing,
  title = {Assessing the {{Capacity}} of {{Transformer}} to {{Abstract Syntactic Representations}}: {{A Contrastive Analysis Based}} on {{Long-distance Agreement}}},
  shorttitle = {Assessing the {{Capacity}} of {{Transformer}} to {{Abstract Syntactic Representations}}},
  author = {Li, Bingzhi and Wisniewski, Guillaume and Crabb{\'e}, Beno{\^i}t},
  year = {2023},
  month = jan,
  journal = {Transactions of the Association for Computational Linguistics},
  volume = {11},
  pages = {18--33},
  issn = {2307-387X},
  doi = {10.1162/tacl_a_00531},
  urldate = {2023-03-22}
}

@misc{45446,
title	= {Exploring the limits of language modeling},
author	= {Rafal Jozefowicz and Oriol Vinyals and Mike Schuster and Noam Shazeer and Yonghui Wu},
year	= {2016},
URL	= {https://arxiv.org/pdf/1602.02410.pdf}
}


@article{bockRegulatingMentalEnergy1992,
  title = {Regulating Mental Energy: {{Performance}} Units in Language Production},
  shorttitle = {Regulating Mental Energy},
  author = {Bock, Kathryn and Cutting, J. Cooper},
  year = {1992},
  month = feb,
  journal = {Journal of Memory and Language},
  volume = {31},
  number = {1},
  pages = {99--127},
  issn = {0749-596X},
  doi = {10.1016/0749-596X(92)90007-K},
  urldate = {2023-03-22},
  langid = {english}
}


@article{bockAttractionsVerbAgreement2001,
  title = {Some {{Attractions}} of {{Verb Agreement}}},
  author = {Bock, Kathryn and Eberhard, Kathleen M. and Cutting, J. Cooper and Meyer, Antje S. and Schriefers, Herbert},
  year = {2001},
  month = sep,
  journal = {Cognitive Psychology},
  volume = {43},
  number = {2},
  pages = {83--128},
  issn = {0010-0285},
  doi = {10.1006/cogp.2001.0753},
  urldate = {2023-03-22},
  langid = {english}
}


@book{chomsky1986knowledge,
  title={Knowledge of language: Its nature, origin, and use},
  author={Chomsky, Noam},
  year={1986},
  publisher={Greenwood Publishing Group}
}
@article{belletti2017past,
  title={(Past) participle agreement},
  author={Belletti, Adriana},
  journal={The Wiley Blackwell Companion to Syntax, Second Edition},
  pages={1--29},
  year={2017},
  publisher={Wiley Online Library}
}

@misc{spacy,
  author = {Honnibal, Matthew and Montani, Ines and Van Landeghem, Sofie and Boyd, Adriane},
  title = {{spaCy: Industrial-strength Natural Language Processing in Python}},
  year = 2020,
  howpublished = {Zenodo},
  doi = {10.5281/zenodo.1212303},
  url = {https://doi.org/10.5281/zenodo.1212303}
}

@misc{Wikiextractor2015,
  author = {Giusepppe Attardi},
  title = {WikiExtractor},
  year = {2015},
  publisher = {GitHub},
  journal = {GitHub repository},
  howpublished = {\url{https://github.com/attardi/wikiextractor}}
}
@inproceedings{koehn2007moses,
  title={Moses: Open source toolkit for statistical machine translation},
  author={Koehn, Philipp and Hoang, Hieu and Birch, Alexandra and Callison-Burch, Chris and Federico, Marcello and Bertoldi, Nicola and Cowan, Brooke and Shen, Wade and Moran, Christine and Zens, Richard and others},
  booktitle={Proceedings of the 45th annual meeting of the association for computational linguistics companion volume proceedings of the demo and poster sessions},
  pages={177--180},
  year={2007}
}
@inproceedings{schmid1995improvements,
  title={Improvements in part-of-speech tagging with an application to german},
  author={Schmid, H},
  booktitle={Proceedings of the ACL SIGDAT-Workshop (1995)},
  year={1995}
}

@inproceedings{lan2019albert,
  title={ALBERT: A Lite BERT for Self-supervised Learning of Language Representations},
  author={Lan, Zhenzhong and Chen, Mingda and Goodman, Sebastian and Gimpel, Kevin and Sharma, Piyush and Soricut, Radu},
  booktitle={International Conference on Learning Representations},
  year={2019}
}

@article{linzen2021syntactic,
  title={Syntactic structure from deep learning},
  author={Linzen, Tal and Baroni, Marco},
  journal={Annual Review of Linguistics},
  volume={7},
  pages={195--212},
  year={2021},
  publisher={Annual Reviews}
}
@article{wu2023recogs,
  title={ReCOGS: How Incidental Details of a Logical Form Overshadow an Evaluation of Semantic Interpretation},
  author={Wu, Zhengxuan and Manning, Christopher D and Potts, Christopher},
  journal={arXiv preprint arXiv:2303.13716},
  year={2023}
}



@article{montague1970universal,
  title={Universal grammar},
  author={Montague, Richard and others},
  journal={1974},
  pages={222--46},
  year={1970}
}

@incollection{partee1984compositionality,
  title={Compositionality},
  author={Partee, Barbara H.},
  booktitle={Varieties of Formal Semantics},
  editor = {F. Landman and F. Veltman},
  pages={281--311},
  year={1984},
  publisher={Dordrecht: Foris}
}

@article{eckman1988generalization,
  title={On the generalization of relative clause instruction in the acquisition of English as a second language1},
  author={Eckman, Fred R and Bell, Lawrence and Nelson, Diane},
  journal={Applied linguistics},
  volume={9},
  number={1},
  pages={1--20},
  year={1988},
  publisher={Oxford University Press}
}

@article{10.2307/4177973,
 ISSN = {00243892, 15309150},
 URL = {http://www.jstor.org/stable/4177973},
 author = {Edward L. Keenan and Bernard Comrie},
 journal = {Linguistic Inquiry},
 number = {1},
 pages = {63--99},
 publisher = {The MIT Press},
 title = {Noun Phrase Accessibility and Universal Grammar},
 urldate = {2023-02-22},
 volume = {8},
 year = {1977}
}

@article{yao2022structural,
  title={Structural generalization is hard for sequence-to-sequence models},
  author={Yao, Yuekun and Koller, Alexander},
  journal={arXiv preprint arXiv:2210.13050},
  year={2022}
}
@article{roland2007frequency,
  title={Frequency of basic English grammatical structures: A corpus analysis},
  author={Roland, Douglas and Dick, Frederic and Elman, Jeffrey L},
  journal={Journal of memory and language},
  volume={57},
  number={3},
  pages={348--379},
  year={2007},
  publisher={Elsevier}
}

@article{piantadosi2014zipf,
  title={Zipf’s word frequency law in natural language: A critical review and future directions},
  author={Piantadosi, Steven T},
  journal={Psychonomic bulletin \& review},
  volume={21},
  pages={1112--1130},
  year={2014},
  publisher={Springer}
}

@book{levin1993english,
  title={English verb classes and alternations: A preliminary investigation},
  author={Levin, Beth},
  year={1993},
  publisher={University of Chicago press}
}

@book{schuler2005verbnet,
  title={VerbNet: A broad-coverage, comprehensive verb lexicon},
  author={Schuler, Karin Kipper},
  year={2005},
  publisher={University of Pennsylvania}
}

@article{fenson2007macarthur,
  title={MacArthur-Bates communicative development inventories},
  author={Fenson, Larry and others},
  year={2007},
  publisher={Paul H. Brookes Publishing Company Baltimore, MD}
}

@book{leech2014word,
  title={Word frequencies in written and spoken English: Based on the British National Corpus},
  author={Leech, Geoffrey and Rayson, Paul and others},
  year={2014},
  publisher={Routledge}
}

@inproceedings{he2015delving,
  title={Delving deep into rectifiers: Surpassing human-level performance on imagenet classification},
  author={He, Kaiming and Zhang, Xiangyu and Ren, Shaoqing and Sun, Jian},
  booktitle={Proceedings of the IEEE international conference on computer vision},
  pages={1026--1034},
  year={2015}
}
@article{tomasello1993twenty,
  title={Twenty-three-month-old children have a grammatical category of noun},
  author={Tomasello, Michael and Olguin, Raquel},
  journal={Cognitive development},
  volume={8},
  number={4},
  pages={451--464},
  year={1993},
  publisher={Elsevier}
}
@article{gass1982theory,
  title={From Theory to Practice.},
  author={Gass, Susan},
  year={1982},
  publisher={ERIC}
}

@inproceedings{bender2021dangers,
  title={On the dangers of stochastic parrots: Can language models be too big?},
  author={Bender, Emily M and Gebru, Timnit and McMillan-Major, Angelina and Shmitchell, Shmargaret},
  booktitle={Proceedings of the 2021 ACM conference on fairness, accountability, and transparency},
  pages={610--623},
  year={2021}
}

@article{zhang2021understanding,
  title={Understanding deep learning (still) requires rethinking generalization},
  author={Zhang, Chiyuan and Bengio, Samy and Hardt, Moritz and Recht, Benjamin and Vinyals, Oriol},
  journal={Communications of the ACM},
  volume={64},
  number={3},
  pages={107--115},
  year={2021},
  publisher={ACM New York, NY, USA}
}

@book{fodor2002compositionality,
  title={The compositionality papers},
  author={Fodor, Jerry A and Lepore, Ernest},
  year={2002},
  publisher={Oxford University Press}
}
@book{carnie2012syntax,
  title={Syntax: A Generative Introduction},
  author={Carnie, A.},
  isbn={9780470655313},
  lccn={2012009763},
  series={Introducing Linguistics},
  url={https://books.google.fr/books?id=zWU5Rs2h9nAC},
  year={2012},
  publisher={Wiley}
}
@article{chomsky1981lectures,
  title={Lectures on government and binding, foris, dordrecht},
  author={Chomsky, Noam},
  journal={ChomskyLectures on Government and Binding1981},
  year={1981}
}
@book{o1987principles,
  title={Principles of grammar \& learning},
  author={O'Grady, William},
  year={1987},
  publisher={University of Chicago Press}
}
@article{sheldon1974role,
  title={The role of parallel function in the acquisition of relative clauses in English},
  author={Sheldon, Amy},
  journal={Journal of verbal learning and verbal behavior},
  volume={13},
  number={3},
  pages={272--281},
  year={1974},
  publisher={Elsevier}
}
@article{hamilton1994implicational,
  title={Is Implicational Generalization Unidirectional and Maximal? Evidence from Relativization Instruction in a Second Language.},
  author={Hamilton, Robert L},
  journal={Language learning},
  volume={44},
  number={1},
  pages={123--57},
  year={1994},
  publisher={ERIC}
}
@book{guasti2017language,
  title={Language acquisition: The growth of grammar},
  author={Guasti, Maria Teresa},
  year={2017},
  publisher={MIT press}
}
@article{hadley1994systematicity,
  title={Systematicity in connectionist language learning},
  author={Hadley, Robert F},
  journal={Mind \& Language},
  volume={9},
  number={3},
  pages={247--272},
  year={1994},
  publisher={Wiley Online Library}
}

@article{baroni2020linguistic,
  title={Linguistic generalization and compositionality in modern artificial neural networks},
  author={Baroni, Marco},
  journal={Philosophical Transactions of the Royal Society B},
  volume={375},
  number={1791},
  pages={20190307},
  year={2020},
  publisher={The Royal Society}
}


@article{miller1963finitary,
  title={Finitary models of language users},
  author={Miller, George A and Chomsky, Noam},
  year={1963}
}
@article{keenan1977noun,
  title={Noun phrase accessibility and universal grammar},
  author={Keenan, Edward L and Comrie, Bernard},
  journal={Linguistic inquiry},
  volume={8},
  number={1},
  pages={63--99},
  year={1977},
  publisher={JSTOR}
}

@article{cameron2003construction,
  title={A construction based analysis of child directed speech},
  author={Cameron-Faulkner, Thea and Lieven, Elena and Tomasello, Michael},
  journal={Cognitive science},
  volume={27},
  number={6},
  pages={843--873},
  year={2003},
  publisher={Wiley Online Library}
}
@book{wells1981learning,
  title={Learning through interaction: volume 1: the study of language development},
  author={Wells, Gordon and Bridges, Allayne},
  volume={1},
  year={1981},
  publisher={Cambridge University Press}
}

@article{bloom1970language,
  title={Language development: Form and function in emerging grammars. MIT Research Monograph, No 59.},
  author={Bloom, Lois},
  year={1970},
  publisher={Cambridge, MA: The M.I.T. Press}
}
@article{chomsky1965aspects,
  title={Aspects of the Theory of Syntax},
  author={Chomsky, Noam},
  journal={Multilingual Matters: MIT Press},
  year={1965}
}
@article{hauser2002faculty,
  title={The faculty of language: what is it, who has it, and how did it evolve?},
  author={Hauser, Marc D and Chomsky, Noam and Fitch, W Tecumseh},
  journal={science},
  volume={298},
  number={5598},
  pages={1569--1579},
  year={2002},
  publisher={American Association for the Advancement of Science}
}
@inproceedings{mccoy2021infinite,
  title={Infinite use of finite means? Evaluating the generalization of center embedding learned from an artificial grammar},
  author={McCoy, Richard Thomas and Culbertson, Jennifer and Smolensky, Paul and Legendre, G{\'e}raldine},
  booktitle={Proceedings of the Annual Meeting of the Cognitive Science Society},
  volume={43},
  year={2021}
}
@inproceedings{mccoy2018revisiting,
	Author = {R. Thomas McCoy and Robert Frank and Tal Linzen},
	Booktitle = {{Proceedings of the 40th Annual Conference of the Cognitive Science Society}},
	Pages = {2093---2098},
	Address = {Austin, TX},
	Editor = {Tim Rogers and Marina Rau and Jerry Zhu and Chuck Kalish},
	Title = {Revisiting the poverty of the stimulus: Hierarchical generalization without a hierarchical bias in recurrent neural networks},
	Year = {2018}}

@inproceedings{yedetore-etal-2023-poor,
    title = "How poor is the stimulus? Evaluating hierarchical generalization in neural networks trained on child-directed speech",
    author = "Yedetore, Aditya  and
      Linzen, Tal  and
      Frank, Robert  and
      McCoy, R. Thomas",
    booktitle = "Proceedings of the 61st Annual Meeting of the Association for Computational Linguistics (Volume 1: Long Papers)",
    month = jul,
    year = "2023",
    address = "Toronto, Canada",
    publisher = "Association for Computational Linguistics",
    url = "https://aclanthology.org/2023.acl-long.521",
    pages = "9370--9393",
}
@techreport{wolf2019some,
  title={Some additional experiments extending the tech report” Assessing BERTs syntactic abilities” by Yoav Goldberg},
  author={Wolf, Thomas},
  year={2019},
  institution={Technical report}
}
@inproceedings{warstadt2020can,
  title={CAN NEURAL NETWORKS ACQUIRE A STRUCTURAL BIAS FROM RAW LINGUISTIC DATA?},
  author={Warstadt, Alex and Bowman, Samuel R},
  booktitle={Proceedings of the Annual Meeting of the Cognitive Science Society},
  year={2020}
}


@article{fitch2004computational,
  title={Computational constraints on syntactic processing in a nonhuman primate},
  author={Fitch, W Tecumseh and Hauser, Marc D},
  journal={Science},
  volume={303},
  number={5656},
  pages={377--380},
  year={2004},
  publisher={American Association for the Advancement of Science}
}
@incollection{montague1974c,
  added-at = {2012-01-17T15:25:06.000+0100},
  address = {New Haven, London},
  author = {Montague, Richard},
  biburl = {https://www.bibsonomy.org/bibtex/26ba25103e6eb75e141c191a1f6608794/chb},
  booktitle = {Formal Philosophy: Selected Papers of Richard Montague},
  editor = {Thomason, Richmond H.},
  interhash = {2c6c61321bf135fef9224e3926ec1b53},
  intrahash = {6ba25103e6eb75e141c191a1f6608794},
  keywords = {formal_philosophy logic propositional_attitudes},
  pages = {188--222},
  publisher = {Yale University Press},
  timestamp = {2012-12-10T16:59:31.000+0100},
  title = {English as a Formal Language},
  year = 1974
}
@article{fodor1988connectionism,
  title={Connectionism and cognitive architecture: A critical analysis},
  author={Fodor, Jerry A and Pylyshyn, Zenon W},
  journal={Cognition},
  volume={28},
  number={1-2},
  pages={3--71},
  year={1988},
  publisher={Elsevier}
}
@article{hupkes2020compositionality,
  title={Compositionality decomposed: How do neural networks generalise?},
  author={Hupkes, Dieuwke and Dankers, Verna and Mul, Mathijs and Bruni, Elia},
  journal={Journal of Artificial Intelligence Research},
  volume={67},
  pages={757--795},
  year={2020}
}
@article{christiansen1999toward,
  title={Toward a connectionist model of recursion in human linguistic performance},
  author={Christiansen, Morten H. and Chater, Nick},
  journal={Cognitive Science},
  volume={23},
  number={2},
  pages={157--205},
  year={1999},
  publisher={Wiley Online Library}
}
@article{lakretz2021can,
  title={Can RNNs learn recursive nested subject-verb agreements?},
  author={Lakretz, Yair and Desbordes, Th{\'e}o and King, Jean-R{\'e}mi and Crabb{\'e}, Beno{\^\i}t and Oquab, Maxime and Dehaene, Stanislas},
  journal={arXiv preprint arXiv:2101.02258},
  year={2021}
}

@inproceedings{lake2018generalization,
  title={Generalization without systematicity: On the compositional skills of sequence-to-sequence recurrent networks},
  author={Lake, Brenden and Baroni, Marco},
  booktitle={International conference on machine learning},
  pages={2873--2882},
  year={2018},
  organization={PMLR}
}
@article{kalyan2021ammus,
  title={Ammus: A survey of transformer-based pretrained models in natural language processing},
  author={Kalyan, Katikapalli Subramanyam and Rajasekharan, Ajit and Sangeetha, Sivanesan},
  journal={arXiv preprint arXiv:2108.05542},
  year={2021}
}

@inproceedings{NIPS2017_3f5ee243,
 author = {Vaswani, Ashish and Shazeer, Noam and Parmar, Niki and Uszkoreit, Jakob and Jones, Llion and Gomez, Aidan N and Kaiser, \L ukasz and Polosukhin, Illia},
 booktitle = {Advances in Neural Information Processing Systems},
 editor = {I. Guyon and U. Von Luxburg and S. Bengio and H. Wallach and R. Fergus and S. Vishwanathan and R. Garnett},
 pages = {},
 publisher = {Curran Associates, Inc.},
 title = {Attention is All you Need},
 url = {https://proceedings.neurips.cc/paper_files/paper/2017/file/3f5ee243547dee91fbd053c1c4a845aa-Paper.pdf},
 volume = {30},
 year = {2017}
}
@article{2020t5,
  author  = {Colin Raffel and Noam Shazeer and Adam Roberts and Katherine Lee and Sharan Narang and Michael Matena and Yanqi Zhou and Wei Li and Peter J. Liu},
  title   = {Exploring the Limits of Transfer Learning with a Unified Text-to-Text Transformer},
  journal = {Journal of Machine Learning Research},
  year    = {2020},
  volume  = {21},
  number  = {140},
  pages   = {1-67},
  url     = {http://jmlr.org/papers/v21/20-074.html}
}

@article{touvron2023llama,
  title={Llama: Open and efficient foundation language models},
  author={Touvron, Hugo and Lavril, Thibaut and Izacard, Gautier and Martinet, Xavier and Lachaux, Marie-Anne and Lacroix, Timoth{\'e}e and Rozi{\`e}re, Baptiste and Goyal, Naman and Hambro, Eric and Azhar, Faisal and others},
  journal={arXiv preprint arXiv:2302.13971},
  year={2023}
}
@article{seidl2003early,
  title={Early understanding of subject and object wh-questions},
  author={Seidl, Amanda and Hollich, George and Jusczyk, Peter W},
  journal={Infancy},
  volume={4},
  number={3},
  pages={423--436},
  year={2003},
  publisher={Taylor \& Francis}
}

@article{gagliardi2016discontinuous,
  title={Discontinuous development in the acquisition of filler-gap dependencies: Evidence from 15-and 20-month-olds},
  author={Gagliardi, Annie and Mease, Tara M and Lidz, Jeffrey},
  journal={Language Acquisition},
  volume={23},
  number={3},
  pages={234--260},
  year={2016},
  publisher={Taylor \& Francis}
}

@article{herzig2021unlocking,
  title={Unlocking Compositional Generalization in Pre-trained Models Using Intermediate Representations},
  author={Herzig, Jonathan and Shaw, Peter and Chang, Ming-Wei and Guu, Kelvin and Pasupat, Panupong and Zhang, Yuan},
  journal={arXiv preprint arXiv:2104.07478},
  year={2021}
}
@article{kitaev2020reformer,
  title={Reformer: The efficient transformer},
  author={Kitaev, Nikita and Kaiser, {\L}ukasz and Levskaya, Anselm},
  journal={arXiv preprint arXiv:2001.04451},
  year={2020}
}

@article{liu2019roberta,
  title={Roberta: A robustly optimized bert pretraining approach},
  author={Liu, Yinhan and Ott, Myle and Goyal, Naman and Du, Jingfei and Joshi, Mandar and Chen, Danqi and Levy, Omer and Lewis, Mike and Zettlemoyer, Luke and Stoyanov, Veselin},
  journal={arXiv preprint arXiv:1907.11692},
  year={2019}
}


@article{de1982myth,
  title={A myth about centre-embedding},
  author={De Roeck, Anne and Johnson, Roderick and King, Margaret and Rosner, Michael and Sampson, Geoffrey and Varile, Nino},
  journal={Lingua},
  volume={58},
  number={3-4},
  pages={327--340},
  year={1982},
  publisher={Elsevier}
}

@article{karlsson2007constraints,
  title={Constraints on multiple center-embedding of clauses},
  author={Karlsson, Fred},
  journal={Journal of Linguistics},
  volume={43},
  number={2},
  pages={365--392},
  year={2007},
  publisher={Cambridge University Press}
}
@article{karlsson2010syntactic,
  title={Syntactic recursion and iteration},
  author={Karlsson, Fred},
  journal={Recursion and human language},
  pages={43--67},
  year={2010}
}
@article{gibson1999memory,
  title={Memory limitations and structural forgetting: The perception of complex ungrammatical sentences as grammatical},
  author={Gibson, Edward and Thomas, James},
  journal={Language and Cognitive Processes},
  volume={14},
  number={3},
  pages={225--248},
  year={1999},
  publisher={Taylor \& Francis}
}
@inproceedings{keysersmeasuring,
  title={Measuring Compositional Generalization: A Comprehensive Method on Realistic Data},
  author={Keysers, Daniel and Sch{\"a}rli, Nathanael and Scales, Nathan and Buisman, Hylke and Furrer, Daniel and Kashubin, Sergii and Momchev, Nikola and Sinopalnikov, Danila and Stafiniak, Lukasz and Tihon, Tibor and others},
  year={2007},
  booktitle={International Conference on Learning Representations}
  
}

@article{manning2020emergent,
  title={Emergent linguistic structure in artificial neural networks trained by self-supervision},
  author={Manning, Christopher D and Clark, Kevin and Hewitt, John and Khandelwal, Urvashi and Levy, Omer},
  journal={Proceedings of the National Academy of Sciences},
  volume={117},
  number={48},
  pages={30046--30054},
  year={2020},
  publisher={National Acad Sciences}
}


@article{ATKINSON2018132,
title = {Developing incrementality in filler-gap dependency processing},
journal = {Cognition},
volume = {179},
pages = {132-149},
year = {2018},
issn = {0010-0277},
doi = {https://doi.org/10.1016/j.cognition.2018.05.022},
url = {https://www.sciencedirect.com/science/article/pii/S0010027718301483},
author = {Emily Atkinson and Matthew W. Wagers and Jeffrey Lidz and Colin Phillips and Akira Omaki},
keywords = {Sentence processing, Visual world, Filler-gap dependency, Prediction, Child-directed speech},
}

@article{sag2010english,
  title={English filler-gap constructions},
  author={Sag, Ivan A},
  journal={Language},
  pages={486--545},
  year={2010},
  publisher={JSTOR}
}

@inproceedings{
    anil2022exploring,
    title={Exploring Length Generalization in Large Language Models},
    author={Cem Anil and Yuhuai Wu and Anders Johan Andreassen and Aitor Lewkowycz and Vedant Misra and Vinay Venkatesh Ramasesh and Ambrose Slone and Guy Gur-Ari and Ethan Dyer and Behnam Neyshabur},
    booktitle={Advances in Neural Information Processing Systems},
    editor={Alice H. Oh and Alekh Agarwal and Danielle Belgrave and Kyunghyun Cho},
    year={2022},
    url={https://openreview.net/forum?id=zSkYVeX7bC4}
}

@article{frege_1892,
 ISSN = {00318108, 15581470},
 URL = {http://www.jstor.org/stable/2181485},
 author = {Gottlob Frege},
 journal = {The Philosophical Review},
 number = {3},
 pages = {209--230},
 publisher = {[Duke University Press, Philosophical Review]},
 title = {Sense and Reference},
 urldate = {2023-06-05},
 volume = {57},
 year = {1948}
}

@article{drozdov2022compositional,
      title={Compositional Semantic Parsing with Large Language Models}, 
      author={Andrew Drozdov and Nathanael Schärli and Ekin Akyürek and Nathan Scales and Xinying Song and Xinyun Chen and Olivier Bousquet and Denny Zhou},
      year={2022},
      eprint={2209.15003},
      archivePrefix={arXiv},
      primaryClass={cs.CL},
    journal={arXiv:2209.15003}
}

@book{jurafsky2000speech,
  title={Speech \& language processing},
  author={Jurafsky, Dan},
  year={2000},
  publisher={Pearson Education India}
}
@article{hu2021lora,
  title={Lora: Low-rank adaptation of large language models},
  author={Hu, Edward J and Shen, Yelong and Wallis, Phillip and Allen-Zhu, Zeyuan and Li, Yuanzhi and Wang, Shean and Wang, Lu and Chen, Weizhu},
  journal={arXiv preprint arXiv:2106.09685},
  year={2021}
}
@article{avcu2017subregular,
  title={Subregular Complexity and Deep Learning},
  author={Avcu, Enes and Shibata, Chihiro and Heinz, Jeffrey},
  journal={CLASP Papers in Computational Linguistics},
  pages={20},
  year={2017}
}

@article{gass1992theory,
  title={Theory and Practice},
  author={Gass, Michael},
  journal={Journal of Experiential Education},
  volume={15},
  number={2},
  pages={6--7},
  year={1992},
  publisher={SAGE Publications Sage CA: Los Angeles, CA}
}

@article{PERFORS2011306,
title = {The learnability of abstract syntactic principles},
journal = {Cognition},
volume = {118},
number = {3},
pages = {306-338},
year = {2011},
issn = {0010-0277},
doi = {https://doi.org/10.1016/j.cognition.2010.11.001},
url = {https://www.sciencedirect.com/science/article/pii/S0010027710002593},
author = {Amy Perfors and Joshua B. Tenenbaum and Terry Regier},
keywords = {Poverty of stimulus, Bayesian modeling, Language learnability}
}
@article{TOMASELLO1993451,
title = {Twenty-three-month-old children have a grammatical category of noun},
journal = {Cognitive Development},
volume = {8},
number = {4},
pages = {451-464},
year = {1993},
issn = {0885-2014},
doi = {https://doi.org/10.1016/S0885-2014(05)80004-8},
url = {https://www.sciencedirect.com/science/article/pii/S0885201405800048},
author = {Michael Tomasello and Raquel Olguin}
}

@article{kim2022uncontrolled,
      title={Uncontrolled Lexical Exposure Leads to Overestimation of Compositional Generalization in Pretrained Models}, 
      author={Najoung Kim and Tal Linzen and Paul Smolensky},
      year={2022},
      eprint={2212.10769},
      archivePrefix={arXiv},
      primaryClass={cs.CL},
      journal={arXiv:2212.10769},
}
@article{scikit-learn,
 title={Scikit-learn: Machine Learning in {P}ython},
 author={Pedregosa, F. and Varoquaux, G. and Gramfort, A. and Michel, V.
         and Thirion, B. and Grisel, O. and Blondel, M. and Prettenhofer, P.
         and Weiss, R. and Dubourg, V. and Vanderplas, J. and Passos, A. and
         Cournapeau, D. and Brucher, M. and Perrot, M. and Duchesnay, E.},
 journal={Journal of Machine Learning Research},
 volume={12},
 pages={2825--2830},
 year={2011}
}
@article{suzgun2019memory,
  title={Memory-augmented recurrent neural networks can learn generalized dyck languages},
  author={Suzgun, Mirac and Gehrmann, Sebastian and Belinkov, Yonatan and Shieber, Stuart M},
  journal={arXiv preprint arXiv:1911.03329},
  year={2019}
}
@article{yang2019xlnet,
  title={Xlnet: Generalized autoregressive pretraining for language understanding},
  author={Yang, Zhilin and Dai, Zihang and Yang, Yiming and Carbonell, Jaime and Salakhutdinov, Russ R and Le, Quoc V},
  journal={Advances in neural information processing systems},
  volume={32},
  year={2019}
}
@article{gonzalez2020comparing,
  title={Comparing BERT against traditional machine learning text classification},
  author={Gonz{\'a}lez-Carvajal, Santiago and Garrido-Merch{\'a}n, Eduardo C},
  journal={arXiv preprint arXiv:2005.13012},
  year={2020}
}
@inproceedings{choi2021evaluation,
  title={Evaluation of bert and albert sentence embedding performance on downstream nlp tasks},
  author={Choi, Hyunjin and Kim, Judong and Joe, Seongho and Gwon, Youngjune},
  booktitle={2020 25th International conference on pattern recognition (ICPR)},
  pages={5482--5487},
  year={2021},
  organization={IEEE}
}
@article{gers2001lstm,
  title={LSTM recurrent networks learn simple context-free and context-sensitive languages},
  author={Gers, Felix A and Schmidhuber, E},
  journal={IEEE transactions on neural networks},
  volume={12},
  number={6},
  pages={1333--1340},
  year={2001},
  publisher={IEEE}
}
@article{tibshirani96regression,
  author = {Tibshirani, R.},
  journal = {Journal of the Royal Statistical Society (Series B)},
  pages = {267-288},
  title = {Regression Shrinkage and Selection via the Lasso},
  volume = 58,
  year = 1996
}
@article{aagren2013input,
  title={Input frequency and the acquisition of subject-verb agreement in number in spoken and written French},
  author={{\AA}gren, Malin and Van de Weijer, Joost},
  journal={Journal of French Language Studies},
  volume={23},
  number={3},
  pages={311--333},
  year={2013},
  publisher={Cambridge University Press}
}
@article{ambridge2015ubiquity,
  title={The ubiquity of frequency effects in first language acquisition},
  author={Ambridge, Ben and Kidd, Evan and Rowland, Caroline F and Theakston, Anna L},
  journal={Journal of child language},
  volume={42},
  number={2},
  pages={239--273},
  year={2015},
  publisher={Cambridge University Press}
}
@inproceedings{marantz2013words,
  title={Words and rules revisited: Reassessing the role of construction and memory in language},
  author={Marantz, Alec},
  booktitle={27th Pacific Asia Conference on Language, Information, and Computation, PACLIC 2013},
  year={2013},
  organization={National Chengchi University}
}
@phdthesis{villata2017intervention,
  title={Intervention effects in sentence processing},
  author={Villata, Sandra},
  year={2017},
  school={{\'e}diteur non identifi{\'e}}
}
@incollection{corbett2000gender,
  title={Gender assignment: a typology and a model},
  author={Corbett, Greville G and Fraser, Norman M},
  booktitle={Systems of Nominal Classification (Language, Culture and Cognition 4)},
  pages={293--325},
  year={2000},
  publisher={Cambridge University Press}
}
@article{greenberg1963some,
  title={Some universals of grammar with particular reference to the order of meaningful elements},
  author={Greenberg, Joseph H and others},
  journal={Universals of language},
  volume={2},
  pages={73--113},
  year={1963}
}

@article{BOCK199145,
title = {Broken agreement},
journal = {Cognitive Psychology},
volume = {23},
number = {1},
pages = {45-93},
year = {1991},
issn = {0010-0285},
doi = {https://doi.org/10.1016/0010-0285(91)90003-7},
url = {https://www.sciencedirect.com/science/article/pii/0010028591900037},
author = {Kathryn Bock and Carol A Miller}
}

@inproceedings{ng2004feature,
  title={Feature selection, L 1 vs. L 2 regularization, and rotational invariance},
  author={Ng, Andrew Y},
  booktitle={Proceedings of the twenty-first international conference on Machine learning},
  pages={78},
  year={2004}
}
@inproceedings{biasion2020gender,
  title={Gender Bias in Italian Word Embeddings.},
  author={Biasion, Davide and Fabris, Alessandro and Silvello, Gianmaria and Susto, Gian Antonio},
  booktitle={CLiC-it},
  year={2020}
}

@book{pearl2018book,
  title={The book of why: the new science of cause and effect},
  author={Pearl, Judea and Mackenzie, Dana},
  year={2018},
  publisher={Basic books}
}

@article{lakretz21,
  author    = {Yair Lakretz and
               Theo Desbordes and
               Jean{-}R{\'{e}}mi King and
               Beno{\^{\i}}t Crabb{\'{e}} and
               Maxime Oquab and
               Stanislas Dehaene},
  title     = {Can RNNs learn Recursive Nested Subject-Verb Agreements?},
  journal   = {CoRR},
  volume    = {abs/2101.02258},
  year      = {2021},
  url       = {https://arxiv.org/abs/2101.02258},
  archivePrefix = {arXiv},
  eprint    = {2101.02258},
  timestamp = {Thu, 21 Jan 2021 14:42:30 +0100},
  biburl    = {https://dblp.org/rec/journals/corr/abs-2101-02258.bib},
  bibsource = {dblp computer science bibliography, https://dblp.org}
}
@article{everaert2015,
title = {Structures, Not Strings: Linguistics as Part of the Cognitive Sciences},
journal = {Trends in Cognitive Sciences},
volume = {19},
number = {12},
pages = {729-743},
year = {2015},
issn = {1364-6613},
doi = {https://doi.org/10.1016/j.tics.2015.09.008},
url = {https://www.sciencedirect.com/science/article/pii/S1364661315002326},
author = {Martin B.H. Everaert and Marinus A.C. Huybregts and Noam Chomsky and Robert C. Berwick and Johan J. Bolhuis}
}

@article{gers:2001,
  author    = {Felix A. Gers and
               J{\"{u}}rgen Schmidhuber},
  title     = {{LSTM} recurrent networks learn simple context-free and context-sensitive
               languages},
  journal   = {{IEEE} Trans. Neural Networks},
  volume    = {12},
  number    = {6},
  pages     = {1333--1340},
  year      = {2001}
}
@inproceedings{suzgun:2019,
    title = "On Evaluating the Generalization of {LSTM} Models in Formal Languages",
    author = "Suzgun, Mirac  and
      Belinkov, Yonatan  and
      Shieber, Stuart M.",
    booktitle = "Proceedings of the Society for Computation in Linguistics ({SC}i{L}) 2019",
    year = "2019"
  }
@article{hahn:2020,
  author    = {Michael Hahn},
  title     = {Theoretical Limitations of Self-Attention in Neural Sequence Models},
  journal   = {Trans. Assoc. Comput. Linguistics},
  volume    = {8},
  pages     = {156--171},
  year      = {2020}
}
@inproceedings{hanna-etal-2023-functional,
    title = "The Functional Relevance of Probed Information: A Case Study",
    author = "Hanna, Michael  and
      Zamparelli, Roberto  and
      Mare{\v{c}}ek, David",
    booktitle = "Proceedings of the 17th Conference of the European Chapter of the Association for Computational Linguistics",
    month = may,
    year = "2023",
    address = "Dubrovnik, Croatia",
    publisher = "Association for Computational Linguistics",
    url = "https://aclanthology.org/2023.eacl-main.58",
    pages = "835--848",
}
@incollection{baroni20231,
  title={1 On the Proper Role of Linguistically Oriented Deep Net Analysis in Linguistic Theorising},
  author={Baroni, Marco},
  booktitle={Algebraic Structures in Natural Language},
  pages={1--16},
  year={2023},
  publisher={CRC Press 6000 Broken Sound Parkway NW, Suite 300, Boca Raton, FL 33487-2742}
}
@book{lappin2022algebraic,
  title={Algebraic Structures in Natural Language},
  author={Lappin, Shalom and Bernardy, Jean-Philippe},
  year={2022},
  publisher={CRC Press}
}
@book{berwick2016only,
  title={Why only us: Language and evolution},
  author={Berwick, Robert C and Chomsky, Noam},
  year={2016},
  publisher={MIT press}
}

@article{elman1990finding,
  title={Finding structure in time},
  author={Elman, Jeffrey L},
  journal={Cognitive science},
  volume={14},
  number={2},
  pages={179--211},
  year={1990},
  publisher={Wiley Online Library}
}
@article{ffnlm_bengio,
author = {Bengio, Yoshua and Ducharme, R\'{e}jean and Vincent, Pascal and Janvin, Christian},
title = {A Neural Probabilistic Language Model},
year = {2003},
issue_date = {3/1/2003},
publisher = {JMLR.org},
volume = {3},
number = {null},
issn = {1532-4435},
journal = {J. Mach. Learn. Res.},
month = {mar},
pages = {1137–1155},
numpages = {19}
}
@article{mcculloch1943logical,
  title={A logical calculus of the ideas immanent in nervous activity},
  author={McCulloch, Warren S and Pitts, Walter},
  journal={The bulletin of mathematical biophysics},
  volume={5},
  pages={115--133},
  year={1943},
  publisher={Springer}
}
@article{rosenblatt1958perceptron,
  title={The perceptron: a probabilistic model for information storage and organization in the brain.},
  author={Rosenblatt, Frank},
  journal={Psychological review},
  volume={65},
  number={6},
  pages={386},
  year={1958},
  publisher={American Psychological Association}
}
@misc{rumelhart1985learning,
  title={Learning internal representations by error propagation},
  author={Rumelhart, David E and Hinton, Geoffrey E and Williams, Ronald J and others},
  year={1985},
  publisher={Institute for Cognitive Science, University of California, San Diego La~…}
}
@book{rumelhart1986parallel,
  title={Parallel distributed processing: Explorations in the microstructure of cognition, Vol. 1: Foundations},
  author={Rumelhart, David E and McClelland, James L and PDP Research Group, CORPORATE},
  year={1986},
  publisher={MIT press}
}
@inproceedings{mikolov2010recurrent,
  title={Recurrent neural network based language model.},
  author={Mikolov, Tomas and Karafi{\'a}t, Martin and Burget, Lukas and Cernock{\`y}, Jan and Khudanpur, Sanjeev},
  booktitle={Interspeech},
  volume={2},
  pages={1045--1048},
  year={2010},
  organization={Makuhari}
}
@article{radford2018gpt1,
  title={Improving language understanding by generative pre-training},
  author={Radford, Alec and Narasimhan, Karthik and Salimans, Tim and Sutskever, Ilya and others},
    journal={OpenAI blog},
  year={2018},
  publisher={OpenAI}
}
% GPT2
@article{radford2019language,
  title={Language models are unsupervised multitask learners},
  author={Radford, Alec and Wu, Jeffrey and Child, Rewon and Luan, David and Amodei, Dario and Sutskever, Ilya and others},
  journal={OpenAI blog},
  volume={1},
  number={8},
  pages={9},
  year={2019}
}
% GPT2-series
@article{solaiman2019release,
  title={Release strategies and the social impacts of language models},
  author={Solaiman, Irene and Brundage, Miles and Clark, Jack and Askell, Amanda and Herbert-Voss, Ariel and Wu, Jeff and Radford, Alec and Krueger, Gretchen and Kim, Jong Wook and Kreps, Sarah and others},
  journal={arXiv preprint arXiv:1908.09203},
  year={2019}
}
% GPT3
@article{brown2020language,
  title={Language models are few-shot learners},
  author={Brown, Tom and Mann, Benjamin and Ryder, Nick and Subbiah, Melanie and Kaplan, Jared D and Dhariwal, Prafulla and Neelakantan, Arvind and Shyam, Pranav and Sastry, Girish and Askell, Amanda and others},
  journal={Advances in neural information processing systems},
  volume={33},
  pages={1877--1901},
  year={2020}
}

@misc{openai2023gpt4,
      title={GPT-4 Technical Report}, 
      author={OpenAI},
      year={2023},
      eprint={2303.08774},
      archivePrefix={arXiv},
      primaryClass={cs.CL}
}

@misc{bubeck2023sparks,
      title={Sparks of Artificial General Intelligence: Early experiments with GPT-4}, 
      author={Sébastien Bubeck and Varun Chandrasekaran and Ronen Eldan and Johannes Gehrke and Eric Horvitz and Ece Kamar and Peter Lee and Yin Tat Lee and Yuanzhi Li and Scott Lundberg and Harsha Nori and Hamid Palangi and Marco Tulio Ribeiro and Yi Zhang},
      year={2023},
      eprint={2303.12712},
      archivePrefix={arXiv},
      primaryClass={cs.CL}
}

@article{tenney2019you,
  title={What do you learn from context? probing for sentence structure in contextualized word representations},
  author={Tenney, Ian and Xia, Patrick and Chen, Berlin and Wang, Alex and Poliak, Adam and McCoy, R Thomas and Kim, Najoung and Van Durme, Benjamin and Bowman, Samuel R and Das, Dipanjan and others},
  journal={arXiv preprint arXiv:1905.06316},
  year={2019}
}


@article{le2019flaubert,
  title={Flaubert: Unsupervised language model pre-training for french},
  author={Le, Hang and Vial, Lo{\"\i}c and Frej, Jibril and Segonne, Vincent and Coavoux, Maximin and Lecouteux, Benjamin and Allauzen, Alexandre and Crabb{\'e}, Benoit and Besacier, Laurent and Schwab, Didier},
  journal={arXiv preprint arXiv:1912.05372},
  year={2019}
}
@article{wang2019superglue,
  title={Superglue: A stickier benchmark for general-purpose language understanding systems},
  author={Wang, Alex and Pruksachatkun, Yada and Nangia, Nikita and Singh, Amanpreet and Michael, Julian and Hill, Felix and Levy, Omer and Bowman, Samuel},
  journal={Advances in neural information processing systems},
  volume={32},
  year={2019}
}
@inproceedings{he2016deep,
  title={Deep residual learning for image recognition},
  author={He, Kaiming and Zhang, Xiangyu and Ren, Shaoqing and Sun, Jian},
  booktitle={Proceedings of the IEEE conference on computer vision and pattern recognition},
  pages={770--778},
  year={2016}
}
@article{ba2016layer,
  title={Layer normalization},
  author={Ba, Jimmy Lei and Kiros, Jamie Ryan and Hinton, Geoffrey E},
  journal={arXiv preprint arXiv:1607.06450},
  year={2016}
}
@article{shiv2019novel,
  title={Novel positional encodings to enable tree-based transformers},
  author={Shiv, Vighnesh and Quirk, Chris},
  journal={Advances in neural information processing systems},
  volume={32},
  year={2019}
}
@article{baroni2022proper,
  title={On the proper role of linguistically-oriented deep net analysis in linguistic theorizing},
  author={Baroni, Marco},
  journal={Algebraic structures in natural language},
  pages={1--16},
  year={2022},
  publisher={Taylor and Francis}
}

@article{adi2016fine,
  title={Fine-grained analysis of sentence embeddings using auxiliary prediction tasks},
  author={Adi, Yossi and Kermany, Einat and Belinkov, Yonatan and Lavi, Ofer and Goldberg, Yoav},
  journal={arXiv preprint arXiv:1608.04207},
  year={2016}
}
@article{mikolov2013distributed,
  title={Distributed representations of words and phrases and their compositionality},
  author={Mikolov, Tomas and Sutskever, Ilya and Chen, Kai and Corrado, Greg S and Dean, Jeff},
  journal={Advances in neural information processing systems},
  volume={26},
  year={2013}
}
@book{tabor1994syntactic,
  title={Syntactic innovation: A connectionist model},
  author={Tabor, Whitney},
  year={1994},
  publisher={stanford university}
}
@article{amini2023naturalistic,
  title={Naturalistic Causal Probing for Morpho-Syntax},
  author={Amini, Afra and Pimentel, Tiago and Meister, Clara and Cotterell, Ryan},
  journal={Transactions of the Association for Computational Linguistics},
  volume={11},
  pages={384--403},
  year={2023},
  publisher={MIT Press}
}
@article{elazar2021amnesic,
  title={Amnesic probing: Behavioral explanation with amnesic counterfactuals},
  author={Elazar, Yanai and Ravfogel, Shauli and Jacovi, Alon and Goldberg, Yoav},
  journal={Transactions of the Association for Computational Linguistics},
  volume={9},
  pages={160--175},
  year={2021},
  publisher={MIT Press One Rogers Street, Cambridge, MA 02142-1209, USA journals-info~…}
}
@article{bau2018identifying,
  title={Identifying and controlling important neurons in neural machine translation},
  author={Bau, Anthony and Belinkov, Yonatan and Sajjad, Hassan and Durrani, Nadir and Dalvi, Fahim and Glass, James},
  journal={arXiv preprint arXiv:1811.01157},
  year={2018}
}
@book{jelinek1998statistical,
  title={Statistical methods for speech recognition},
  author={Jelinek, Frederick},
  year={1998},
  publisher={MIT press}
}
@article{taylor1953cloze,
  title={“Cloze procedure”: A new tool for measuring readability},
  author={Taylor, Wilson L},
  journal={Journalism quarterly},
  volume={30},
  number={4},
  pages={415--433},
  year={1953},
  publisher={SAGE Publications Sage CA: Los Angeles, CA}
}
@article{pruksachatkun2020intermediate,
  title={Intermediate-task transfer learning with pretrained models for natural language understanding: When and why does it work?},
  author={Pruksachatkun, Yada and Phang, Jason and Liu, Haokun and Htut, Phu Mon and Zhang, Xiaoyi and Pang, Richard Yuanzhe and Vania, Clara and Kann, Katharina and Bowman, Samuel R},
  journal={arXiv preprint arXiv:2005.00628},
  year={2020}
}
@article{liu2019multi,
  title={Multi-task deep neural networks for natural language understanding},
  author={Liu, Xiaodong and He, Pengcheng and Chen, Weizhu and Gao, Jianfeng},
  journal={arXiv preprint arXiv:1901.11504},
  year={2019}
}
@misc{liu2021pretrain,
      title={Pre-train, Prompt, and Predict: A Systematic Survey of Prompting Methods in Natural Language Processing}, 
      author={Pengfei Liu and Weizhe Yuan and Jinlan Fu and Zhengbao Jiang and Hiroaki Hayashi and Graham Neubig},
      year={2021},
      eprint={2107.13586},
      archivePrefix={arXiv},
      primaryClass={cs.CL}
}
@article{ramesh2022hierarchical,
  title={Hierarchical text-conditional image generation with clip latents},
  author={Ramesh, Aditya and Dhariwal, Prafulla and Nichol, Alex and Chu, Casey and Chen, Mark},
  journal={arXiv preprint arXiv:2204.06125},
  year={2022}
}
@article{chen2021evaluating,
  title={Evaluating large language models trained on code},
  author={Chen, Mark and Tworek, Jerry and Jun, Heewoo and Yuan, Qiming and Pinto, Henrique Ponde de Oliveira and Kaplan, Jared and Edwards, Harri and Burda, Yuri and Joseph, Nicholas and Brockman, Greg and others},
  journal={arXiv preprint arXiv:2107.03374},
  year={2021}
}

@misc{marcus2018deep,
      title={Deep Learning: A Critical Appraisal}, 
      author={Gary Marcus},
      year={2018},
      eprint={1801.00631},
      archivePrefix={arXiv},
      primaryClass={cs.AI}
}
@article{mccloskey1991networks,
  title={Networks and theories: The place of connectionism in cognitive science},
  author={McCloskey, Michael},
  journal={Psychological science},
  volume={2},
  number={6},
  pages={387--395},
  year={1991},
  publisher={SAGE Publications Sage CA: Los Angeles, CA}
}
@book{marcus2003algebraic,
  title={The algebraic mind: Integrating connectionism and cognitive science},
  author={Marcus, Gary F},
  year={2003},
  publisher={MIT press}
}

@article{lake2017building,
  title={Building machines that learn and think like people},
  author={Lake, Brenden M and Ullman, Tomer D and Tenenbaum, Joshua B and Gershman, Samuel J},
  journal={Behavioral and brain sciences},
  volume={40},
  pages={e253},
  year={2017},
  publisher={Cambridge University Press}
}
@inproceedings{brakel2009strong,
  title={Strong systematicity in sentence processing by simple recurrent networks},
  author={Brakel, Phil{\'e}mon and Frank, Stefan},
  booktitle={Proceedings of the Annual Meeting of the Cognitive Science Society},
  volume={31},
  number={31},
  year={2009}
}
@article{van2004lack,
  title={Lack of combinatorial productivity in language processing with simple recurrent networks},
  author={van der Velde, Frank and van der Voort van der Kleij, Gwendid T and de Kamps, Marc},
  journal={Connection Science},
  volume={16},
  number={1},
  pages={21--46},
  year={2004},
  publisher={Taylor \& Francis}
}
@article{phillips1998feedforward,
  title={Are feedforward and recurrent networks systematic? Analysis and implications for a connectionist cognitive architecture},
  author={Phillips, Steven},
  journal={Connection Science},
  volume={10},
  number={2},
  pages={137--160},
  year={1998},
  publisher={Taylor \& Francis}
}
@article{christiansen1994generalization,
  title={Generalization and connectionist language learning},
  author={Christiansen, M and Chater, Nick},
  journal={Mind and Language},
  volume={9},
  number={3},
  year={1994}
}
@article{bommasani2021opportunities,
  title={On the opportunities and risks of foundation models},
  author={Bommasani, Rishi and Hudson, Drew A and Adeli, Ehsan and Altman, Russ and Arora, Simran and von Arx, Sydney and Bernstein, Michael S and Bohg, Jeannette and Bosselut, Antoine and Brunskill, Emma and others},
  journal={arXiv preprint arXiv:2108.07258},
  year={2021}
}

@article{landauer1997solution,
  title={A solution to Plato's problem: The latent semantic analysis theory of acquisition, induction, and representation of knowledge.},
  author={Landauer, Thomas K and Dumais, Susan T},
  journal={Psychological review},
  volume={104},
  number={2},
  pages={211},
  year={1997},
  publisher={American Psychological Association}
}
@article{bar2007proactive,
  title={The proactive brain: using analogies and associations to generate predictions},
  author={Bar, Moshe},
  journal={Trends in cognitive sciences},
  volume={11},
  number={7},
  pages={280--289},
  year={2007},
  publisher={Elsevier}
}
@article{levy2008expectation,
  title={Expectation-based syntactic comprehension},
  author={Levy, Roger},
  journal={Cognition},
  volume={106},
  number={3},
  pages={1126--1177},
  year={2008},
  publisher={Elsevier}
}
@book{clark2015surfing,
  title={Surfing uncertainty: Prediction, action, and the embodied mind},
  author={Clark, Andy},
  year={2015},
  publisher={Oxford University Press}
}
@inproceedings{hale2001probabilistic,
  title={A probabilistic Earley parser as a psycholinguistic model},
  author={Hale, John},
  booktitle={Second meeting of the north american chapter of the association for computational linguistics},
  year={2001}
}
@article{kuperberg2016we,
  title={What do we mean by prediction in language comprehension?},
  author={Kuperberg, Gina R and Jaeger, T Florian},
  journal={Language, cognition and neuroscience},
  volume={31},
  number={1},
  pages={32--59},
  year={2016},
  publisher={Taylor \& Francis}
}
@misc{ras2021explainable,
      title={Explainable Deep Learning: A Field Guide for the Uninitiated}, 
      author={Gabrielle Ras and Ning Xie and Marcel van Gerven and Derek Doran},
      year={2021},
      eprint={2004.14545},
      archivePrefix={arXiv},
      primaryClass={cs.LG}
}
@inproceedings{belinkov2018synthetic,
  title={Synthetic and Natural Noise Both Break Neural Machine Translation},
  author={Belinkov, Yonatan and Bisk, Yonatan},
  booktitle={International Conference on Learning Representations},
  year={2018}
}
@inproceedings{zhao2018generating,
  title={Generating Natural Adversarial Examples},
  author={Zhao, Zhengli and Dua, Dheeru and Singh, Sameer},
  booktitle={International Conference on Learning Representations},
  year={2018}
}
@misc{besold2017neuralsymbolic,
      title={Neural-Symbolic Learning and Reasoning: A Survey and Interpretation}, 
      author={Tarek R. Besold and Artur d'Avila Garcez and Sebastian Bader and Howard Bowman and Pedro Domingos and Pascal Hitzler and Kai-Uwe Kuehnberger and Luis C. Lamb and Daniel Lowd and Priscila Machado Vieira Lima and Leo de Penning and Gadi Pinkas and Hoifung Poon and Gerson Zaverucha},
      year={2017},
      eprint={1711.03902},
      archivePrefix={arXiv},
      primaryClass={cs.AI}
}
@inproceedings{baevski2018adaptive,
  title={Adaptive Input Representations for Neural Language Modeling},
  author={Baevski, Alexei and Auli, Michael},
  booktitle={International Conference on Learning Representations},
  year={2018}
}

@article{pinker1988language,
  title={On language and connectionism: Analysis of a parallel distributed processing model of language acquisition},
  author={Pinker, Steven and Prince, Alan},
  journal={Cognition},
  volume={28},
  number={1-2},
  pages={73--193},
  year={1988},
  publisher={Elsevier}
}

@article{smolensky2022neurocompositional,
  title={Neurocompositional computing: From the Central Paradox of Cognition to a new generation of AI systems},
  author={Smolensky, Paul and McCoy, Richard and Fernandez, Roland and Goldrick, Matthew and Gao, Jianfeng},
  journal={AI Magazine},
  volume={43},
  number={3},
  pages={308--322},
  year={2022}
}
@article{eberhard2005making,
  title={Making syntax of sense: number agreement in sentence production.},
  author={Eberhard, Kathleen M and Cutting, J Cooper and Bock, Kathryn},
  journal={Psychological review},
  volume={112},
  number={3},
  pages={531},
  year={2005},
  publisher={American Psychological Association}
}
@article{goldberg2004english,
  title={The English resultative as a family of constructions},
  author={Goldberg, Adele E and Jackendoff, Ray},
  journal={language},
  pages={532--568},
  year={2004},
  publisher={JSTOR}
}
@inproceedings{goodkind2018predictive,
  title={Predictive power of word surprisal for reading times is a linear function of language model quality},
  author={Goodkind, Adam and Bicknell, Klinton},
  booktitle={Proceedings of the 8th workshop on cognitive modeling and computational linguistics (CMCL 2018)},
  pages={10--18},
  year={2018}
}
@article{brysbaert2016many,
  title={How many words do we know? Practical estimates of vocabulary size dependent on word definition, the degree of language input and the participant’s age},
  author={Brysbaert, Marc and Stevens, Micha{\"e}l and Mandera, Pawe{\l} and Keuleers, Emmanuel},
  journal={Frontiers in psychology},
  volume={7},
  pages={1116},
  year={2016},
  publisher={Frontiers Media SA}
}

@article{sajjad2004poor,
  title={Poor Man’s BERT: Smaller and Faster Transformer Models. arXiv 2020},
  author={Sajjad, H and Dalvi, F and Durrani, N and Nakov, P},
  journal={arXiv preprint arXiv:2004.03844},
year={2020}
}
@article{sprouse2017design,
  title={Design sensitivity and statistical power in acceptability judgment experiments},
  author={Sprouse, Jon and Almeida, Diogo},
  journal={Glossa: a journal of general linguistics},
  volume={2},
  number={1},
  year={2017},
  publisher={Open Library of Humanities}
}
@article{guarasci2023assessing,
  title={Assessing BERT’s ability to learn Italian syntax: A study on null-subject and agreement phenomena},
  author={Guarasci, Raffaele and Silvestri, Stefano and De Pietro, Giuseppe and Fujita, Hamido and Esposito, Massimo},
  journal={Journal of Ambient Intelligence and Humanized Computing},
  volume={14},
  number={1},
  pages={289--303},
  year={2023},
  publisher={Springer}
}
@article{raven1941standardization,
  title={Standardization of progressive matrices, 1938.},
  author={Raven, John C},
  journal={British Journal of Medical Psychology},
  year={1941},
  publisher={British Psychological Society}
}
@article{wilkens2023assessing,
  title={Assessing linguistic generalisation in language models: a dataset for Brazilian Portuguese},
  author={Wilkens, Rodrigo and Zilio, Leonardo and Villavicencio, Aline},
  journal={Language Resources and Evaluation},
  pages={1--27},
  year={2023},
  publisher={Springer}
}
@inproceedings{de-dios-flores-etal-2023-dependency,
    title = "Dependency resolution at the syntax-semantics interface: psycholinguistic and computational insights on control dependencies",
    author = "de-Dios-Flores, Iria  and
      Garcia Amboage, Juan  and
      Garcia, Marcos",
    booktitle = "Proceedings of the 61st Annual Meeting of the Association for Computational Linguistics (Volume 1: Long Papers)",
    month = jul,
    year = "2023",
    address = "Toronto, Canada",
    publisher = "Association for Computational Linguistics",
    url = "https://aclanthology.org/2023.acl-long.12",
    doi = "10.18653/v1/2023.acl-long.12",
    pages = "203--222",
}
@inproceedings{someya-oseki-2023-jblimp,
    title = "{JBL}i{MP}: {J}apanese Benchmark of Linguistic Minimal Pairs",
    author = "Someya, Taiga  and
      Oseki, Yohei",
    booktitle = "Findings of the Association for Computational Linguistics: EACL 2023",
    month = may,
    year = "2023",
    address = "Dubrovnik, Croatia",
    publisher = "Association for Computational Linguistics",
    url = "https://aclanthology.org/2023.findings-eacl.117",
    pages = "1581--1594",
}
@inproceedings{an-etal-2023-blm,
    title = "{BLM}-{A}gr{F}: A New {F}rench Benchmark to Investigate Generalization of Agreement in Neural Networks",
    author = "An, Aixiu  and
      Jiang, Chunyang  and
      A. Rodriguez, Maria  and
      Nastase, Vivi  and
      Merlo, Paola",
    booktitle = "Proceedings of the 17th Conference of the European Chapter of the Association for Computational Linguistics",
    month = may,
    year = "2023",
    address = "Dubrovnik, Croatia",
    publisher = "Association for Computational Linguistics",
    url = "https://aclanthology.org/2023.eacl-main.99",
    pages = "1363--1374",
}
@inproceedings{wang2022bert,
  title={BERT rankers are brittle: a study using adversarial document perturbations},
  author={Wang, Yumeng and Lyu, Lijun and Anand, Avishek},
  booktitle={Proceedings of the 2022 ACM SIGIR International Conference on Theory of Information Retrieval},
  pages={115--120},
  year={2022}
}

@article{firestone2020performance,
  title={Performance vs. competence in human--machine comparisons},
  author={Firestone, Chaz},
  journal={Proceedings of the National Academy of Sciences},
  volume={117},
  number={43},
  pages={26562--26571},
  year={2020},
  publisher={National Acad Sciences}
}
@article{khurana2023natural,
  title={Natural language processing: State of the art, current trends and challenges},
  author={Khurana, Diksha and Koli, Aditya and Khatter, Kiran and Singh, Sukhdev},
  journal={Multimedia tools and applications},
  volume={82},
  number={3},
  pages={3713--3744},
  year={2023},
  publisher={Springer}
}
@article{lertvittayakumjorn2021explanation,
  title={Explanation-based human debugging of nlp models: A survey},
  author={Lertvittayakumjorn, Piyawat and Toni, Francesca},
  journal={Transactions of the Association for Computational Linguistics},
  volume={9},
  pages={1508--1528},
  year={2021},
  publisher={MIT Press One Rogers Street, Cambridge, MA 02142-1209, USA journals-info~…}
}
@article{otter2020survey,
  title={A survey of the usages of deep learning for natural language processing},
  author={Otter, Daniel W and Medina, Julian R and Kalita, Jugal K},
  journal={IEEE transactions on neural networks and learning systems},
  volume={32},
  number={2},
  pages={604--624},
  year={2020},
  publisher={IEEE}
}
@article{marcus1998rethinking,
  title={Rethinking eliminative connectionism},
  author={Marcus, Gary F},
  journal={Cognitive psychology},
  volume={37},
  number={3},
  pages={243--282},
  year={1998},
  publisher={Elsevier}
}
@article{marasovic2018nlp,
  title={NLP’s generalization problem, and how researchers are tackling it},
  author={Marasovic, Ana},
  journal={The Gradient},
  year={2018},
  publisher={Stanford Artificial Intelligence Laboratory (SAIL) Stanford, CA}
}
@article{sajjad2022neuron,
  title={Neuron-level interpretation of deep nlp models: A survey},
  author={Sajjad, Hassan and Durrani, Nadir and Dalvi, Fahim},
  journal={Transactions of the Association for Computational Linguistics},
  volume={10},
  pages={1285--1303},
  year={2022},
  publisher={MIT Press One Broadway, 12th Floor, Cambridge, Massachusetts 02142, USA~…}
}
@phdthesis{hupkes2020hierarchy,
  title={Hierarchy and interpretability in neural models of language processing},
  author={Hupkes, Dieuwke},
  year={2020},
  school={University of Amsterdam}
}
@article{halevy2009unreasonable,
  title={The unreasonable effectiveness of data},
  author={Halevy, Alon and Norvig, Peter and Pereira, Fernando},
  journal={IEEE intelligent systems},
  volume={24},
  number={2},
  pages={8--12},
  year={2009},
  publisher={IEEE}
}
@article{kayne1989facets,
  title={Facets of Romance past participle agreement},
  author={Kayne, Richard and Beninc{\`a}, Paola},
  journal={An Annotated Syntax Reader},
  volume={220},
  year={1989}
}

@inproceedings{dehghani2018universal,
  title={Universal Transformers},
  author={Dehghani, Mostafa and Gouws, Stephan and Vinyals, Oriol and Uszkoreit, Jakob and Kaiser, Lukasz},
  booktitle={International Conference on Learning Representations},
  year={2018}
}

@article{meyes2019ablation,
  title={Ablation studies in artificial neural networks},
  author={Meyes, Richard and Lu, Melanie and de Puiseau, Constantin Waubert and Meisen, Tobias},
  journal={arXiv preprint arXiv:1901.08644},
  year={2019}
}

@article{li2023slog,
      title={SLOG: A Structural Generalization Benchmark for Semantic Parsing}, 
      author={Bingzhi Li and Lucia Donatelli and Alexander Koller and Tal Linzen and Yuekun Yao and Najoung Kim},
      year={2023},
      eprint={2310.15040},
      archivePrefix={arXiv},
      primaryClass={cs.CL},
    journal={arXiv:2310.15040}
}